
@inproceedings{Thule2019b,
  title = {Towards {{Reuse}} of {{Synchronization Algorithms}} in {{Co}}-Simulation {{Frameworks}}},
  author = {Thule, Casper and Palmieri, Maurizio and Gomes, Cl√°udio and Lausdahl, Kenneth and Macedo, Hugo Daniel and Battle, Nick and Larsen, Peter Gorm},
  date = {2019},
  pages = {to appear},
  location = {{Oslo, Norway}},
  eventtitle = {3rd {{Workshop}} on {{Formal Co}}-{{Simulation}} of {{Cyber}}-{{Physical Systems}}},
  file = {D\:\\Data\\Zotero\\Settings\\storage\\XBKN5X3Y\\Thule et al. - 2019 - Towards Reuse of Synchronization Algorithms in Co-.pdf}
}


