@article{Iugan2015,
    title = {{A Generic Conceptual Framework Based on Formal Representation for the Design of Continuous/Discrete Co-Simulation Tools}},
    author = {Iugan, Luiza Gheorghe and Boucheneb, Hanifa and Nicolescu, Gabriela},
    number = {3},
    pages = {243--275},
    volume = {19},
    doi = {10.1007/s10617-014-9156-3},
    issn = {0929-5585}
}

@inproceedings{Gheorghe2007,
    title = {{A {\{}{\{}Formalization{\}}{\}} of {\{}{\{}Global Simulation Models{\}}{\}} for {\{}{\{}Continuous{\}}{\}}/{\{}{\{}Discrete Systems{\}}{\}}}},
    booktitle = {Summer {\{}{\{}Computer Simulation Conference{\}}{\}}},
    author = {Gheorghe, L and Bouchhima, F and Nicolescu, G and Boucheneb, H},
    pages = {559--566},
    publisher = {Society for Computer Simulation International San Diego, CA, USA},
    isbn = {1-56555-316-0},
    keywords = {co-simulation, continuous/discrete simulation, formal representation, heterogeneous systems}
}

@article{Schweiger2019,
    title = {{An Empirical Survey on Co-Simulation: {\{}{\{}Promising{\}}{\}} Standards, Challenges and Research Needs}},
    shorttitle = {An Empirical Survey on Co-Simulation},
    author = {Schweiger, Gerald and Gomes, Cláudio and Engel, Georg and Hafner, Irene and Schoeggl, Josef-Peter and Posch, Alfred and Nouidui, Thierry},
    pages = {148--163},
    volume = {95},
    doi = {10.1016/j.simpat.2019.05.001},
    issn = {1569190X}
}

@inproceedings{Vangheluwe2002,
    title = {{An Introduction to Multi-Paradigm Modelling and Simulation}},
    booktitle = {Proceedings of the {\{}{\{}AI{\}}{\}}, {\{}{\{}Simulation{\}}{\}} and {\{}{\{}Planning{\}}{\}} in {\{}{\{}High Autonomy Systems Conference{\}}{\}}},
    author = {Vangheluwe, Hans and De Lara, Juan and Mosterman, Pieter J},
    pages = {9--20},
    publisher = {Society for Computer Simulation International},
    keywords = {modelling-methodology, multi-paradigm}
}

@inproceedings{Gomes2017c,
    title = {{Approximated {\{}{\{}Stability Analysis{\}}{\}} of {\{}{\{}Bi{\}}{\}}-Modal {\{}{\{}Hybrid Co{\}}{\}}-Simulation {\{}{\{}Scenarios{\}}{\}}}},
    booktitle = {1st {\{}{\{}Workshop{\}}{\}} on {\{}{\{}Formal Co{\}}{\}}-{\{}{\{}Simulation{\}}{\}} of {\{}{\{}Cyber{\}}{\}}-{\{}{\{}Physical Systems{\}}{\}}},
    author = {Gomes, Cláudio and Karalis, Paschalis and Navarro-L{\'{o}}pez, Eva M and Vangheluwe, Hans},
    pages = {345--360},
    publisher = {Springer, Cham},
    isbn = {978-3-319-74781-1},
    doi = {10.1007/978-3-319-74781-1{\_}24},
    keywords = {analysis, coupled simulation, hybrid automata, hybrid co-simulation, hybrid systems, lyapunov stability}
}

@inproceedings{Cavalcanti2016,
    title = {{Behavioural {\{}{\{}Models{\}}{\}} for {\{}{\{}FMI Co{\}}{\}}-Simulations}},
    booktitle = {International {\{}{\{}Colloquium{\}}{\}} on {\{}{\{}Theoretical Aspects{\}}{\}} of {\{}{\{}Computing{\}}{\}}},
    author = {Cavalcanti, Ana and Woodcock, Jim and Am{\'{a}}lio, Nuno},
    editor = {Sampaio, Augusto and Wang, Farn},
    pages = {255--273},
    publisher = {Springer International Publishing},
    isbn = {978-3-319-46750-4},
    doi = {10.1007/978-3-319-46750-4{\_}15}
}

@misc{Gomes2018e,
    title = {{Co-Simulation of {\{}{\{}Continuous Systems{\}}{\}}: {\{}{\{}A Tutorial{\}}{\}}}},
    shorttitle = {Co-Simulation of {\{}{\{}Continuous Systems{\}}{\}}},
    author = {Gomes, Cláudio and Thule, Casper and Larsen, Peter Gorm and Denil, Joachim and Vangheluwe, Hans},
    number = {arXiv:1809.08463},
    url = {http://arxiv.org/abs/1809.08463},
    institution = {University of Antwerp},
    arxivId = {1809.08463},
    keywords = {65Y10, Computer Science - Computational Engineering; Fina, I.6.1, I.6.7, Mathematics - Classical Analysis and ODEs}
}

@article{Gomes2018,
    title = {{Co-Simulation: A {\{}{\{}Survey{\}}{\}}}},
    author = {Gomes, Cláudio and Thule, Casper and Broman, David and Larsen, Peter Gorm and Vangheluwe, Hans},
    number = {3},
    pages = {Article 49},
    volume = {51},
    doi = {10.1145/3179993}
}

@misc{Gomes2017,
    title = {{Co-Simulation: {\{}{\{}State{\}}{\}} of the Art}},
    author = {Gomes, Cláudio and Thule, Casper and Broman, David and Larsen, Peter Gorm and Vangheluwe, Hans},
    url = {http://arxiv.org/abs/1702.00686},
    institution = {University of Antwerp}
}

@book{Fitzgerald2014,
    title = {{Collaborative {\{}{\{}Design{\}}{\}} for {\{}{\{}Embedded Systems{\}}{\}}}},
    author = {Fitzgerald, John and Larsen, Peter Gorm and Verhoef, Marcel},
    editor = {Fitzgerald, John and Larsen, Peter Gorm and Verhoef, Marcel},
    publisher = {Springer Berlin Heidelberg},
    isbn = {978-3-642-54117-9},
    doi = {10.1007/978-3-642-54118-6}
}

@article{Palensky2017,
    title = {{Cosimulation of {\{}{\{}Intelligent Power Systems{\}}{\}}: {\{}{\{}Fundamentals{\}}{\}}, {\{}{\{}Software Architecture{\}}{\}}, {\{}{\{}Numerics{\}}{\}}, and {\{}{\{}Coupling{\}}{\}}}},
    author = {Palensky, Peter and Van Der Meer, Arjen A and Lopez, Claudio David and Joseph, Arun and Pan, Kaikai},
    number = {1},
    pages = {34--50},
    volume = {11},
    doi = {10.1109/MIE.2016.2639825},
    issn = {1932-4529}
}

@inproceedings{Pedersen2017,
    title = {{Distributed {\{}{\{}Co{\}}{\}}-{\{}{\{}Simulation{\}}{\}} of {\{}{\{}Embedded Control Software{\}}{\}} with {\{}{\{}Exhaust Gas Recirculation Water Handling System{\}}{\}} Using {\{}{\{}INTO{\}}{\}}-{\{}{\{}CPS{\}}{\}}}},
    booktitle = {7th {\{}{\{}International Conference{\}}{\}} on {\{}{\{}Simulation{\}}{\}} and {\{}{\{}Modeling Methodologies{\}}{\}}, {\{}{\{}Technologies{\}}{\}} and {\{}{\{}Applications{\}}{\}}},
    author = {Pedersen, Nicolai and Lausdahl, Kenneth and Vidal Sanchez, Enrique and Larsen, Peter Gorm and Madsen, Jan},
    pages = {73--82},
    publisher = {SCITEPRESS - Science and Technology Publications},
    isbn = {978-989-758-265-3},
    doi = {10.5220/0006412700730082},
    keywords = {Co-Simulation, Cyber-Physical-Systems, Distributed Simulation, Embedded Control System, Exhaust Gas Recirculation, INTO-CPS, Parallel Simulation}
}

@book{vanAmerongen2010,
    title = {{Dynamical {\{}{\{}Systems{\}}{\}} for {\{}{\{}Creative Technology{\}}{\}}}},
    author = {van Amerongen, Job},
    publisher = {Controllab Products B.V.},
    url = {http://doc.utwente.nl/75219/},
    keywords = {Bond Graphs, Control, Dynamical Systems, Embedded Control, Modelling, Operational Amplifiers, Physical Systems, Simulation}
}

@inproceedings{Arnold2014,
    title = {{Error {\{}{\{}Analysis{\}}{\}} and {\{}{\{}Error Estimates{\}}{\}} for {\{}{\{}Co{\}}{\}}-Simulation in {\{}{\{}FMI{\}}{\}} for {\{}{\{}Model Exchange{\}}{\}} and {\{}{\{}Co{\}}{\}}-{\{}{\{}Simulation{\}}{\}} v2.0}},
    booktitle = {Progress in {\{}{\{}Differential{\}}{\}}-{\{}{\{}Algebraic Equations{\}}{\}}},
    author = {Arnold, Martin and Clau{\ss}, Christoph and Schierz, Tom},
    pages = {107--125},
    publisher = {Springer Berlin Heidelberg},
    isbn = {978-3-662-44926-4},
    doi = {10.1007/978-3-662-44926-4{\_}6},
    keywords = {co-simulation}
}

@article{Arnold2013,
    title = {{Error {\{}{\{}Analysis{\}}{\}} and {\{}{\{}Error Estimates{\}}{\}} for {\{}{\{}Co{\}}{\}}-{\{}{\{}Simulation{\}}{\}} in {\{}{\{}FMI{\}}{\}} for {\{}{\{}Model Exchange{\}}{\}} and {\{}{\{}Co{\}}{\}}-{\{}{\{}Simulation V2{\}}{\}}.0}},
    author = {Arnold, Martin and Clauss, Christoph and Schierz, Tom},
    number = {1},
    pages = {75},
    volume = {LX},
    doi = {10.2478/meceng-2013-0005},
    issn = {0004-0738}
}

@article{Schweizer2015c,
    title = {{Explicit and {\{}{\{}Implicit Cosimulation Methods{\}}{\}}: {\{}{\{}Stability{\}}{\}} and {\{}{\{}Convergence Analysis{\}}{\}} for {\{}{\{}Different Solver Coupling Approaches{\}}{\}}}},
    author = {Schweizer, Bernhard and Li, Pu and Lu, Daixing},
    number = {5},
    pages = {51007},
    volume = {10},
    doi = {10.1115/1.4028503},
    issn = {1555-1415}
}

@inproceedings{Gheorghe2006,
    title = {{Formal {\{}{\{}Definitions{\}}{\}} of {\{}{\{}Simulation Interfaces{\}}{\}} in a {\{}{\{}Continuous{\}}{\}}/{\{}{\{}Discrete Co{\}}{\}}-{\{}{\{}Simulation Tool{\}}{\}}}},
    booktitle = {Rapid {\{}{\{}System Prototyping{\}}{\}}, 2006. {\{}{\{}Seventeenth IEEE International Workshop{\}}{\}} On},
    author = {Gheorghe, L and Bouchhima, F and Nicolescu, G and Boucheneb, H},
    pages = {186--192},
    isbn = {1074-6005 VO -},
    doi = {10.1109/RSP.2006.18},
    keywords = {Automotive applications, Automotive engineering, Computational modeling, Context, Design automation, Discrete event simulation, Embedded system, Medical simulation, Radio frequency, System-on-a-chip, application program interfaces, continuous-discrete cosimulation, continuous-discrete synchronization model, digital simulation, diverse embedded systems, embedded systems, program verification, simulation interfaces, synchronisation, validation techniques}
}

@inproceedings{Zeyda2018,
    title = {{Formalising {\{}{\{}Cosimulation Models{\}}{\}}}},
    booktitle = {Software {\{}{\{}Engineering{\}}{\}} and {\{}{\{}Formal Methods{\}}{\}}},
    author = {Zeyda, Frank and Ouy, Julien and Foster, Simon and Cavalcanti, Ana},
    editor = {Cerone, Antonio and Roveri, Marco},
    pages = {453--468},
    volume = {10729},
    publisher = {Springer International Publishing},
    isbn = {978-3-319-74780-4 978-3-319-74781-1},
    doi = {10.1007/978-3-319-74781-1{\_}31}
}

@inproceedings{Blochwitz2012,
    title = {{Functional {\{}{\{}Mockup Interface{\}}{\}} 2.0: {\{}{\{}The Standard{\}}{\}} for {\{}{\{}Tool{\}}{\}} Independent {\{}{\{}Exchange{\}}{\}} of {\{}{\{}Simulation Models{\}}{\}}}},
    booktitle = {9th {\{}{\{}International Modelica Conference{\}}{\}}},
    author = {Blockwitz, Torsten and Otter, Martin and Akesson, Johan and Arnold, Martin and Clauss, Christoph and Elmqvist, Hilding and Friedrich, Markus and Junghanns, Andreas and Mauss, Jakob and Neumerkel, Dietmar and Olsson, Hans and Viel, Antoine},
    pages = {173--184},
    publisher = {Link{\"{o}}ping University Electronic Press},
    doi = {10.3384/ecp12076173}
}

@misc{FMI2014,
    title = {{Functional {\{}{\{}Mock{\}}{\}}-up {\{}{\{}Interface{\}}{\}} for {\{}{\{}Model Exchange{\}}{\}} and {\{}{\{}Co{\}}{\}}-{\{}{\{}Simulation{\}}{\}}}},
    author = {{FMI.}},
    publisher = {FMI development group},
    url = {https://fmi-standard.org/downloads/},
    keywords = {fmi standard, functional mockup interface}
}

@inproceedings{Schweiger2018b,
    title = {{Functional {\{}{\{}Mock{\}}{\}}-up {\{}{\{}Interface{\}}{\}}: {\{}{\{}An{\}}{\}} Empirical Survey Identifies Research Challenges and Current Barriers}},
    booktitle = {Proceedings of the {\{}{\{}American Modelica Conference{\}}{\}}},
    author = {Schweiger, Gerald and Gomes, Cláudio and Engel, Georg and Hafner, Irene and Schoeggl, Josef and Posch, Alfred and Nouidui, Thierry},
    pages = {138--146},
    publisher = {Link{\"{o}}ping University Electronic Press, Link{\"{o}}pings Universitet},
    isbn = {978-91-7685-148-7},
    doi = {10.3384/ecp18154138}
}

@inproceedings{Gomes2019b,
    title = {{Generation of Co-simulation Algorithms Subject to Simulator Contracts}},
    author = {Gomes Cl{\'{a}}udio, Thule Casper Lucio Levi Vangheluwe Hans and Larsen, Peter},
    pages = {submitted}
}

@incollection{Mosterman2007,
    title = {{Hybrid Dynamic Systems: {\{}{\{}Modeling{\}}{\}} and Execution}},
    booktitle = {Handbook of {\{}{\{}Dynamic System Modeling{\}}{\}}},
    author = {Mosterman, Pieter J},
    volume = {15},
    publisher = {Chapter}
}

@book{Bramer2005,
    title = {{Logic Programming with {\{}{\{}Prolog{\}}{\}}}},
    author = {Bramer, Max},
    volume = {9},
    publisher = {Springer}
}

@inproceedings{Bastian2011a,
    title = {{Master for {\{}{\{}Co{\}}{\}}-{\{}{\{}Simulation Using FMI{\}}{\}}}},
    booktitle = {8th {\{}{\{}International Modelica Conference{\}}{\}}},
    author = {Bastian, Jens and Clau{\ss}, Christoph and Wolf, Susann and Schneider, Peter},
    pages = {115--120},
    publisher = {Link{\"{o}}ping University Electronic Press, Link{\"{o}}pings universitet},
    doi = {10.3384/ecp11063115},
    keywords = {co simulation, fmi, master}
}

@inproceedings{Mustafiz2016a,
    title = {{Modular {\{}{\{}Design{\}}{\}} of {\{}{\{}Hybrid Languages{\}}{\}} by {\{}{\{}Explicit Modeling{\}}{\}} of {\{}{\{}Semantic Adaptation{\}}{\}}}},
    booktitle = {Proceedings of the {\{}{\{}Symposium{\}}{\}} on {\{}{\{}Theory{\}}{\}} of {\{}{\{}Modeling{\}}{\}} {\&} {\{}{\{}Simulation{\}}{\}}: {\{}{\{}DEVS Integrative M{\}}{\}}{\textbackslash}{\&}{\{}{\{}S Symposium{\}}{\}}},
    author = {Mustafiz, Sadaf and Gomes, Cláudio and Barroca, Bruno and Vangheluwe, Hans},
    pages = {29:1--29:8},
    publisher = {IEEE},
    doi = {10.23919/TMS.2016.7918835}
}

@article{Gomes2018a,
    title = {{Semantic {\{}{\{}Adaptation{\}}{\}} for {\{}{\{}FMI Co{\}}{\}}-Simulation with {\{}{\{}Hierarchical Simulators{\}}{\}}}},
    author = {Gomes, Cláudio and Meyers, Bart and Denil, Joachim and Thule, Casper and Lausdahl, Kenneth and Vangheluwe, Hans and De Meulenaere, Paul},
    number = {3},
    pages = {1--29},
    volume = {95},
    doi = {10.1177/0037549718759775}
}

@inproceedings{Gheorghe2008a,
    title = {{Semantics for {\{}{\{}Model{\}}{\}}-Based {\{}{\{}Validation{\}}{\}} of {\{}{\{}Continuous{\}}{\}}/{\{}{\{}Discrete Systems{\}}{\}}}},
    booktitle = {Design, {\{}{\{}Automation{\}}{\}} and {\{}{\{}Test{\}}{\}} in {\{}{\{}Europe{\}}{\}}},
    author = {Gheorghe, L and Bouchhima, F and Nicolescu, G and Boucheneb, H},
    pages = {498--503},
    publisher = {ACM},
    isbn = {978-3-9810801-3-1},
    doi = {10.1145/1403375.1403493}
}

@inproceedings{Gheorghe2008,
    title = {{Semantics for {\{}{\{}Rollback{\}}{\}}-{\{}{\{}Based Continuous{\}}{\}}/{\{}{\{}Discrete Simulation{\}}{\}}}},
    booktitle = {Behavioral {\{}{\{}Modeling{\}}{\}} and {\{}{\{}Simulation Workshop{\}}{\}}, 2008. {\{}{\{}BMAS{\}}{\}} 2008. {\{}{\{}IEEE International{\}}{\}}},
    author = {Gheorghe, L and Nicolescu, G and Boucheneb, H},
    pages = {106--111},
    doi = {10.1109/BMAS.2008.4751250},
    keywords = {Adaptation model, Automata, Computational modeling, Discrete event simulation, Formal verification, Productivity, Registers, Signal processing, Time to market, UPPAAL toolbox, continuous-discrete heterogeneous systems, formal verification, operational semantics, programming language semantics, rollback-based continuous-discrete simulation, rollback-based synchronization model, semantics, system-on-chip}
}

@inproceedings{Gomes2019a,
    title = {{Semantics of {\{}{\{}Co{\}}{\}}-Simulation {\{}{\{}Algorithms{\}}{\}} with {\{}{\{}Simulator Contracts{\}}{\}}}},
    booktitle = {First {\{}{\{}International Workshop{\}}{\}} on {\{}{\{}Multi{\}}{\}}-{\{}{\{}Paradigm Modelling{\}}{\}} for {\{}{\{}Cyber{\}}{\}}-{\{}{\{}Physical Systems{\}}{\}}},
    author = {Gomes, Cláudio and Lucio, Levi and Vangheluwe, Hans},
    pages = {submitted}
}

@inproceedings{Blochwitz2011,
    title = {{The {\{}{\{}Functional Mockup Interface{\}}{\}} for {\{}{\{}Tool{\}}{\}} Independent {\{}{\{}Exchange{\}}{\}} of {\{}{\{}Simulation Models{\}}{\}}}},
    booktitle = {Proceedings of the 8th {\{}{\{}International Modelica Conference{\}}{\}}},
    author = {Blochwitz, Torsten and Otter, Martin and Arnold, Martin and Bausch, C and Clauss, Christoph and Elmqvist, Hilding and Junghanns, Andreas and Mauss, Jakob and Monteiro, M and Neidhold, T and Neumerkel, Dietmar and Olsson, Hans and Peetz, J.-V. and Wolf, S},
    pages = {105--114},
    publisher = {Link{\"{o}}ping University Electronic Press; Link{\"{o}}pings universitet},
    doi = {10.3384/ecp11063105},
    keywords = {change, co simulation, fmi, fmu, functional mockup interface, functional mockup unit, model ex, modelisar, simulation}
}

@inproceedings{Thule2018,
    title = {{Towards {\{}{\{}Verification{\}}{\}} of {\{}{\{}Hybrid Co{\}}{\}}-Simulation {\{}{\{}Algorithms{\}}{\}}}},
    booktitle = {Workshop on {\{}{\{}Formal Co{\}}{\}}-{\{}{\{}Simulation{\}}{\}} of {\{}{\{}Cyber{\}}{\}}-{\{}{\{}Physical Systems{\}}{\}}},
    author = {Thule, Casper and Gomes, Cláudio and Deantoni, Julien and Larsen, Peter Gorm and Brauer, Jörg and Vangheluwe, Hans},
    publisher = {Springer, Cham},
    isbn = {978-3-030-04771-9},
    doi = {10.1007/978-3-030-04771-9{\_}1}
}

@article{Kubler2000,
    title = {{Two {\{}{\{}Methods{\}}{\}} of {\{}{\{}Simulator Coupling{\}}{\}}}},
    author = {K{\"{u}}bler, R and Schiehlen, W},
    number = {2},
    pages = {93--113},
    volume = {6},
    doi = {10.1076/1387-3954(200006)6:2;1-M;FT093},
    issn = {1387-3954}
}

@inproceedings{Gomes2019,
    title = {{{\{}{\{}HintCO{\}}{\}} - {\{}{\{}Hint{\}}{\}}-{\{}{\{}Based Configuration{\}}{\}} of {\{}{\{}Co{\}}{\}}-{\{}{\{}Simulations{\}}{\}}}},
    booktitle = {International {\{}{\{}Conference{\}}{\}} on {\{}{\{}Simulation{\}}{\}} and {\{}{\{}Modeling Methodologies{\}}{\}}, {\{}{\{}Technologies{\}}{\}} and {\{}{\{}Applications{\}}{\}}},
    author = {Gomes, Cláudio and Oakes, Bentley James and Moradi, Mehrdad and Gamiz, Alejandro Torres and Mendo, Juan Carlos and Dutre, Stefan and Denil, Joachim and Vangheluwe, Hans},
    pages = {57--68},
    isbn = {978-989-758-381-0},
    doi = {10.5220/0007830000570068}
}

@techreport{SprengerAProtocols,
    title = {{A Monad-based Modeling and Verification Toolbox with Application to Security Protocols}},
    author = {Sprenger, Christoph and Basin, David}
}

@article{Morris1987ACalculus,
    title = {{A theoretical basis for stepwise refinement and the programming calculus}},
    year = {1987},
    journal = {Science of Computer Programming},
    author = {Morris, Joseph M.},
    number = {3},
    month = {12},
    pages = {287--306},
    volume = {9},
    publisher = {Elsevier},
    doi = {10.1016/0167-6423(87)90011-6},
    issn = {01676423}
}

@article{Morris1987ACalculusb,
    title = {{A theoretical basis for stepwise refinement and the programming calculus}},
    year = {1987},
    journal = {Science of Computer Programming},
    author = {Morris, Joseph M.},
    number = {3},
    pages = {287--306},
    volume = {9},
    doi = {10.1016/0167-6423(87)90011-6},
    issn = {01676423}
}

@article{Woodcock2004AProgramming,
    title = {{A tutorial introduction to designs in unifying theories of programming}},
    year = {2004},
    journal = {Lecture Notes in Computer Science (including subseries Lecture Notes in Artificial Intelligence and Lecture Notes in Bioinformatics)},
    author = {Woodcock, Jim and Cavalcanti, Ana},
    pages = {40--66},
    volume = {2999},
    publisher = {Springer, Berlin, Heidelberg},
    url = {https://link.springer.com/chapter/10.1007/978-3-540-24756-2_4},
    doi = {10.1007/978-3-540-24756-2{\_}4},
    issn = {03029743}
}

@article{Rahikainen2020AnConfigurations,
    title = {{An automated methodology to select functional co-simulation configurations}},
    year = {2020},
    journal = {Multibody System Dynamics},
    author = {Rahikainen, Jarkko and Gonz{\'{a}}lez, Francisco and Naya, Miguel Ángel},
    number = {1},
    month = {1},
    pages = {79--103},
    volume = {48},
    publisher = {Springer},
    url = {https://link.springer.com/article/10.1007/s11044-019-09696-y},
    doi = {10.1007/s11044-019-09696-y},
    issn = {1573272X},
    keywords = {Co-simulation, Hydraulic dynamics, Multibody system dynamics, Multiphysics}
}

@misc{Schweiger2019AnNeeds,
    title = {{An empirical survey on co-simulation: Promising standards, challenges and research needs}},
    year = {2019},
    booktitle = {Simulation Modelling Practice and Theory},
    author = {Schweiger, G. and Gomes, C. and Engel, G. and Hafner, I. and Schoeggl, J. and Posch, A. and Nouidui, T.},
    month = {9},
    pages = {148--163},
    volume = {95},
    publisher = {Elsevier B.V.},
    doi = {10.1016/j.simpat.2019.05.001},
    issn = {1569190X},
    arxivId = {1901.06262},
    keywords = {Co-simulation, Delphi method, Empirical survey, Modelling, Simulation}
}

@inproceedings{Benedikt2016AutomatedCo-simulation,
    title = {{Automated configuration for non-iterative co-simulation}},
    year = {2016},
    booktitle = {2016 17th International Conference on Thermal, Mechanical and Multi-Physics Simulation and Experiments in Microelectronics and Microsystems, EuroSimE 2016},
    author = {Benedikt, Martin and Holzinger, Franz Rudolf},
    month = {4},
    publisher = {Institute of Electrical and Electronics Engineers Inc.},
    isbn = {9781509021062},
    doi = {10.1109/EuroSimE.2016.7463355}
}

@inproceedings{Amalio2016CheckingCo-simulation,
    title = {{Checking sysML models for co-simulation}},
    year = {2016},
    booktitle = {Lecture Notes in Computer Science (including subseries Lecture Notes in Artificial Intelligence and Lecture Notes in Bioinformatics)},
    author = {Am{\'{a}}lio, Nuno and Payne, Richard and Cavalcanti, Ana and Woodcock, Jim},
    month = {11},
    pages = {450--465},
    volume = {10009 LNCS},
    publisher = {Springer Verlag},
    url = {https://link.springer.com/chapter/10.1007/978-3-319-47846-3_28},
    isbn = {9783319478456},
    doi = {10.1007/978-3-319-47846-3{\_}28},
    issn = {16113349},
    keywords = {Algebraic loops, CSP, Co-simulation, FMI, SysML}
}

@article{Sanders2008Co-creationDesign,
    title = {{Co-creation and the new landscapes of design}},
    year = {2008},
    journal = {CoDesign},
    author = {Sanders, Elizabeth B.-N. and Stappers, Pieter Jan},
    doi = {10.1080/15710880701875068},
    issn = {1571-0882}
}

@article{Gomes2018Co-Simulation:Survey,
    title = {{Co-Simulation: A Survey}},
    year = {2018},
    journal = {ACM Computing Surveys},
    author = {Gomes, Cláudio and Broman, David and Vangheluwe, Hans and Thule, Casper and Larsen, Peter Gorm},
    number = {3},
    pages = {49},
    volume = {51},
    url = {https://doi.org/10.1145/3179993},
    doi = {10.1145/3179993},
    keywords = {Additional Key Words and Phrases: Co-simulation, s, Agent / discrete models, CCS Concepts: • Computing methodologies → Discrete, Continuous models, Continuous simulation, Simulation support systems, Systems theory}
}

@book{Fitzgerald2014CollaborativeCo-simulation,
    title = {{Collaborative design for embedded systems: Co-modelling and co-simulation}},
    year = {2014},
    booktitle = {Collaborative Design for Embedded Systems: Co-Modelling and Co-Simulation},
    author = {Fitzgerald, John and Larsen, Peter Gorm and Verhoef, Marcel},
    month = {1},
    pages = {1--385},
    publisher = {Springer Berlin Heidelberg},
    isbn = {9783642541186},
    doi = {10.1007/978-3-642-54118-6}
}

@techreport{BromanCompositionCo-Simulation,
    title = {{Composition of FMUs for Co-Simulation}},
    author = {Broman, David and Brooks, Christopher and Greenberg, Lev and Lee, Edward A and Masin, Michael and Tripakis, Stavros and Wetter, Michael and Determinate, Michael Wetter},
    publisher = {IEEE},
    url = {http://www.eecs.berkeley.edu/Pubs/TechRpts/2013/EECS-2013-153.html}
}

@book{Nipkow2014ConcreteSemantics,
    title = {{Concrete Semantics}},
    year = {2014},
    booktitle = {Concrete Semantics},
    author = {Nipkow, Tobias and Klein, Gerwin},
    publisher = {Springer International Publishing},
    doi = {10.1007/978-3-319-10542-0}
}

@article{Novak1995ConversionMeasurement,
    title = {{Conversion of Units of Measurement}},
    year = {1995},
    journal = {IEEE Transactions on Software Engineering},
    author = {Novak, Gordon S.},
    number = {8},
    pages = {651--661},
    volume = {21},
    doi = {10.1109/32.403789},
    issn = {00985589},
    keywords = {Unit conversion, data type, dimensional analysis, unit of measurement}
}

@book{Wasser2016DeductiveBook,
    title = {{Deductive  Software Verification—  The KeY Book}},
    year = {2016},
    booktitle = {Lncs},
    author = {Wasser, Nathan and H{\"{a}}hnle, Reiner and Bubel, Richard},
    pages = {167--189},
    volume = {10001},
    url = {https://link.springer.com/content/pdf/10.1007%2F978-3-319-49812-6_6.pdf},
    isbn = {9783319498119},
    doi = {10.1007/978-3-319-49812-6}
}

@book{Amerongen2010DynamicalTechnology,
    title = {{Dynamical systems for creative technology}},
    year = {2010},
    author = {Amerongen, J. van (Job van)},
    month = {12},
    pages = {239},
    publisher = {Controllab Products B.V},
    isbn = {9789079499076},
    keywords = {Bond graphs, Control, Dynamical systems, Embedded control system, Modelling, Operational amplifiers, Physical systems, Simulation}
}

@article{Lassez1982FixedTale,
    title = {{Fixed point theorems and semantics: a folk tale}},
    year = {1982},
    journal = {Information Processing Letters},
    author = {Lassez, J. L. and Nguyen, V. L. and Sonenberg, E. A.},
    number = {3},
    month = {5},
    pages = {112--116},
    volume = {14},
    doi = {10.1016/0020-0190(82)90065-5},
    issn = {00200190},
    keywords = {Folk theorems, least fixed point theorems}
}

@incollection{Beckert2016FormalTutorial,
    title = {{Formal verification with KeY: A tutorial}},
    year = {2016},
    booktitle = {Lecture Notes in Computer Science (including subseries Lecture Notes in Artificial Intelligence and Lecture Notes in Bioinformatics)},
    author = {Beckert, Bernhard and H{\"{a}}hnle, Reiner and Hentschel, Martin and Schmitt, Peter H.},
    month = {12},
    pages = {541--570},
    volume = {10001 LNCS},
    publisher = {Springer Verlag},
    url = {https://link.springer.com/chapter/10.1007/978-3-319-49812-6_16},
    doi = {10.1007/978-3-319-49812-6{\_}16},
    issn = {16113349}
}

@inproceedings{Enge-Rosenblatt2011FunctionalSystems,
    title = {{Functional Digital Mock-up and the Functional Mock-up Interface – Two Complementary Approaches for a Comprehensive Investigation of Heterogeneous Systems}},
    year = {2011},
    booktitle = {Proceedings from the 8th International Modelica Conference, Technical Univeristy, Dresden, Germany},
    author = {Enge-Rosenblatt, Olaf and Clau{\ss}, Christoph and Schneider, André and Schneider, Peter},
    month = {6},
    pages = {748--755},
    volume = {63},
    publisher = {Link{\"{o}}ping University Electronic Press},
    doi = {10.3384/ecp11063748}
}

@inproceedings{Blockwitz2012FunctionalModels,
    title = {{Functional Mockup Interface 2.0: The Standard for Tool independent Exchange of Simulation Models}},
    year = {2012},
    booktitle = {Proceedings of the 9th International MODELICA Conference, September 3-5, 2012, Munich, Germany},
    author = {Blockwitz, Torsten and Otter, Martin and Akesson, Johan and Arnold, Martin and Clauss, Christoph and Elmqvist, Hilding and Friedrich, Markus and Junghanns, Andreas and Mauss, Jakob and Neumerkel, Dietmar and Olsson, Hans and Viel, Antoine},
    month = {11},
    pages = {173--184},
    volume = {76},
    publisher = {Link{\"{o}}ping University Electronic Press},
    doi = {10.3384/ecp12076173}
}

@article{GomesClaudioandThuleCasperandLucioLeviandVangheluweHansandLarsen2019GenerationContracts,
    title = {{Generation of Co-simulation Algorithms Subject to Simulator Contracts}},
    year = {2019},
    author = {Gomes, Cl{\'{a}}udio and Thule, Casper and Lucio, Levi and Vangheluwe, Hans and Larsen, Peter}}
}

@inproceedings{Couto2018InjectingSystems,
    title = {{Injecting formal verification in FMI-based co-simulations of cyber-physical systems}},
    year = {2018},
    booktitle = {Lecture Notes in Computer Science (including subseries Lecture Notes in Artificial Intelligence and Lecture Notes in Bioinformatics)},
    author = {Couto, Luís Diogo and Basagiannis, Stylianos and Ridouane, El Hassan and Mady, Alie El Din and Hasanagic, Miran and Larsen, Peter Gorm},
    pages = {284--299},
    volume = {10729 LNCS},
    publisher = {Springer Verlag},
    url = {https://link.springer.com/chapter/10.1007/978-3-319-74781-1_20},
    isbn = {9783319747804},
    doi = {10.1007/978-3-319-74781-1{\_}20},
    issn = {16113349}
}

@book{2004IntegratedMethods,
    title = {{Integrated Formal Methods}},
    year = {2004},
    editor = {Boiten, Eerke A. and Derrick, John and Smith, Graeme},
    series = {Lecture Notes in Computer Science},
    volume = {2999},
    publisher = {Springer Berlin Heidelberg},
    url = {http://link.springer.com/10.1007/b96106},
    address = {Berlin, Heidelberg},
    isbn = {978-3-540-21377-2},
    doi = {10.1007/b96106}
}

@incollection{Kourie2012IntermediaryExamples,
    title = {{Intermediary Examples}},
    year = {2012},
    booktitle = {The Correctness-by-Construction Approach to Programming},
    author = {Kourie, Derrick G. and Watson, Bruce W. and Kourie, Derrick G. and Watson, Bruce W.},
    pages = {95--159},
    publisher = {Springer Berlin Heidelberg},
    doi = {10.1007/978-3-642-27919-5{\_}4}
}

@article{Benedikt2013ModellingCo-simulation,
    title = {{Modelling and analysis of the non-iterative coupling process for co-simulation}},
    year = {2013},
    journal = {Mathematical and Computer Modelling of Dynamical Systems},
    author = {Benedikt, Martin and Watzenig, Daniel and Hofer, Anton},
    number = {5},
    month = {10},
    pages = {451--470},
    volume = {19},
    doi = {10.1080/13873954.2013.784340},
    issn = {13873954},
    keywords = {co-simulation, macro-step size, non-iterative, simulator coupling, weak coupling}
}

@article{Aslan2015MOKAFMI,
    title = {{MOKA : An Object-Oriented Framework for FMI}},
    year = {2015},
    journal = {47th Summer Computer Simulation Conference 2015},
    author = {Aslan, Memduha and Oǧuzt{\"{u}}z{\"{u}}n, Halit and Durak, Umut and Taylan, Koray},
    isbn = {978-1-5108-1059-4},
    doi = {10.3384/ecp11063748},
    issn = {07359276},
    keywords = {co-simulation framework, functional mock-up interface, functional mock-up interface development, model integration}
}

@techreport{MoggiNotionsMonads,
    title = {{Notions of computation and monads}},
    author = {Moggi, Eugenio}
}

@techreport{Tarski1941OnRelations,
    title = {{On the Calculus of Relations}},
    year = {1941},
    booktitle = {Source: The Journal of Symbolic Logic},
    author = {Tarski, Alfred},
    number = {3},
    pages = {73--89},
    volume = {6}
}

@inproceedings{Back1993PredicateLogic,
    title = {{Predicate transformers and higher order logic}},
    year = {1993},
    booktitle = {Lecture Notes in Computer Science (including subseries Lecture Notes in Artificial Intelligence and Lecture Notes in Bioinformatics)},
    author = {Back, R. J.R. and Von Wright, J.},
    pages = {1--20},
    volume = {666 LNCS},
    publisher = {Springer Verlag},
    isbn = {9783540565963},
    doi = {10.1007/3-540-56596-5{\_}26},
    issn = {16113349},
    keywords = {HOL, Higher order logic, Nondeterminism, Predicate transformers, Procedures, Semantics of programming languages, State spaces, Stepwise refinement, Total correctness, Weakest preconditions}
}

@incollection{Jones1987ProgramVDM,
    title = {{Program Specification and Verification in VDM}},
    year = {1987},
    booktitle = {Logic of Programming and Calculi of Discrete Design},
    author = {Jones, C. B.},
    pages = {149--184},
    publisher = {Springer Berlin Heidelberg},
    url = {https://link.springer.com/chapter/10.1007/978-3-642-87374-4_7},
    doi = {10.1007/978-3-642-87374-4{\_}7}
}

@article{1984ProgrammingExercise,
    title = {{Programming as a mathematical exercise}},
    year = {1984},
    journal = {Philosophical Transactions of the Royal Society of London. Series A, Mathematical and Physical Sciences},
    number = {1522},
    month = {10},
    pages = {447--473},
    volume = {312},
    url = {https://royalsocietypublishing.org/doi/10.1098/rsta.1984.0070},
    doi = {10.1098/rsta.1984.0070},
    issn = {0080-4614}
}

@inproceedings{Gomes2019SemanticsContracts,
    title = {{Semantics of co-simulation algorithms with simulator contracts}},
    year = {2019},
    booktitle = {Proceedings - 2019 ACM/IEEE 22nd International Conference on Model Driven Engineering Languages and Systems Companion, MODELS-C 2019},
    author = {Gomes, Claudio and Lucio, Levi and Vangheluwe, Hans},
    month = {9},
    pages = {784--789},
    publisher = {Institute of Electrical and Electronics Engineers Inc.},
    isbn = {9781728151250},
    doi = {10.1109/MODELS-C.2019.00124},
    keywords = {Co-simulation, Constraint-solving, Contract-based-design, Prolog}
}

@book{Abrial1996TheB-Book,
    title = {{The B-Book}},
    year = {1996},
    booktitle = {The B-Book},
    author = {Abrial, J. R. and Hoare, A. and Chapron, Pierre},
    month = {10},
    publisher = {Cambridge University Press},
    doi = {10.1017/cbo9780511624162}
}

@book{Kourie2012TheProgramming,
    title = {{The correctness-by-construction approach to programming}},
    year = {2012},
    booktitle = {The Correctness-By-Construction Approach to Programming},
    author = {Kourie, Derrick G. and Watson, Bruce W.},
    month = {1},
    pages = {1--264},
    publisher = {Springer Berlin Heidelberg},
    isbn = {9783642279195},
    doi = {10.1007/978-3-642-27919-5}
}

@techreport{Matichuk2020TheManual,
    title = {{The Eisbach User Manual}},
    year = {2020},
    author = {Matichuk, Daniel and Wenzel, Makarius and Murray, Toby}
}

@inproceedings{Blochwitz2011TheModels,
    title = {{The Functional Mockup Interface for Tool independent Exchange of Simulation Models}},
    year = {2011},
    booktitle = {Proceedings from the 8th International Modelica Conference, Technical Univeristy, Dresden, Germany},
    author = {Blochwitz, T. and Otter, M. and Arnold, M. and Bausch, C. and Clauss, C. and Elmqvist, H. and Junghanns, A. and Mauss, J. and Monteiro, M. and Neidhold, T. and Neumerkel, D. and Olsson, H. and Peetz, J.-V. and Wolf, S.},
    month = {6},
    pages = {105--114},
    volume = {63},
    publisher = {Link{\"{o}}ping University Electronic Press},
    doi = {10.3384/ecp11063105}
}

@techreport{Wenzel2020TheManual,
    title = {{The Isabelle System Manual}},
    year = {2020},
    author = {Wenzel, Makarius}
}

@techreport{Wenzel2020TheManualb,
    title = {{The Isabelle/Isar Reference Manual}},
    year = {2020},
    author = {Wenzel, Makarius and Contributions, With and Ballarin, Clemens and Berghofer, Stefan and Blanchette, Jasmin and Bourke, Timothy and Bulwahn, Lukas and Chaieb, Amine and Dixon, Lucas and Haftmann, Florian and Huffman, Brian and Hupel, Lars and Klein, Gerwin and Krauss, Alexander and Kun{\v{c}}ar, Ondřej and Lochbihler, Andreas and Nipkow, Tobias and Noschinski, Lars and Von Oheimb, David and Paulson, Larry and Skalberg, Sebastian and Sternagel, Christian and Traytel, Dmitriy}
}

@article{Morgan1988TheStatement,
    title = {{The Specification Statement}},
    year = {1988},
    journal = {ACM Transactions on Programming Languages and Systems (TOPLAS)},
    author = {Morgan, Carroll},
    number = {3},
    month = {7},
    pages = {403--419},
    volume = {10},
    doi = {10.1145/44501.44503},
    issn = {15584593},
    keywords = {Development calculus, guarded commands, miracles, procedural abstraction, program refinement, weakest preconditions}
}

@techreport{Foster2018TheoryIsabelle/UTP,
    title = {{Theory of Designs in Isabelle/UTP}},
    year = {2018},
    author = {Foster, Simon and Nemouchi, Yakoub and Zeyda, Frank},
    url = {http://eprints.whiterose.ac.uk/129380/}
}

@incollection{Foster2017TowardsIsabelle/HOL,
    title = {{Towards verification of cyber-physical systems with UTP and Isabelle/HOL}},
    year = {2017},
    booktitle = {Lecture Notes in Computer Science (including subseries Lecture Notes in Artificial Intelligence and Lecture Notes in Bioinformatics)},
    author = {Foster, Simon and Woodcock, Jim},
    month = {1},
    pages = {39--64},
    volume = {10160},
    publisher = {Springer Verlag},
    doi = {10.1007/978-3-319-51046-0{\_}3},
    issn = {16113349}
}

@incollection{Zhan2017UnifyingUTP,
    title = {{Unifying Theories of Programming (UTP)}},
    year = {2017},
    booktitle = {Formal Verification of Simulink/Stateflow Diagrams},
    author = {Zhan, Naijun and Wang, Shuling and Zhao, Hengjun and Zhan, Naijun and Wang, Shuling and Zhao, Hengjun},
    pages = {31--37},
    publisher = {Springer International Publishing},
    doi = {10.1007/978-3-319-47016-0{\_}3}
}

@article{Fukuda2000VDMValidation,
    title = {{VDM Specification of an Interlocking System and a Simulator for Its Validation}},
    year = {2000},
    journal = {IFAC Proceedings Volumes},
    author = {Fukuda, Mitsuyoshi and Hirao, Yuji and Ogino, Takahiko},
    number = {9},
    month = {6},
    pages = {187--192},
    volume = {33},
    publisher = {Elsevier BV},
    doi = {10.1016/s1474-6670(17)38144-2},
    issn = {14746670}
}

@techreport{AhrendtVerifyingTutorial,
    title = {{Verifying Object-Oriented Programs with KeY: A Tutorial}},
    author = {Ahrendt, Wolfgang and Beckert, Bernhard and H{\"{a}}hnle, Reiner and R{\"{u}}mmer, Philipp and Schmitt, Peter H},
    url = {www.key-project.org.}
}

@techreport{Thule2016Verifying,
    title = {{Verifying the Co-Simulation Orchestration Engine for INTO-CPS ⋆}},
    year = {2016},
    author = {Thule, Casper},
    url = {https://www.fmi-standard.org/},
    keywords = {CyPhyCircus, Cyber-Physical Systems, FMI, Modelica, UTP, VDM-RT, co-simulation, semantics}
}

@misc{PDFScholar,
    title = {{[PDF] On the Calculus of Relations | Semantic Scholar}},
    url = {https://www.semanticscholar.org/paper/On-the-Calculus-of-Relations-Tarski/ab4cf6665354433188ea836dc6f65392b5e45fa0}
}